%YAML 1.1
%TAG !u! tag:unity3d.com,2011:
--- !u!29 &1
SceneSettings:
  m_ObjectHideFlags: 0
  m_PVSData: 
  m_PVSObjectsArray: []
  m_PVSPortalsArray: []
  m_OcclusionBakeSettings:
    smallestOccluder: 5
    smallestHole: 0.25
    backfaceThreshold: 100
--- !u!104 &2
RenderSettings:
  m_ObjectHideFlags: 0
  serializedVersion: 7
  m_Fog: 0
  m_FogColor: {r: 0.5, g: 0.5, b: 0.5, a: 1}
  m_FogMode: 3
  m_FogDensity: 0.01
  m_LinearFogStart: 0
  m_LinearFogEnd: 300
  m_AmbientSkyColor: {r: 0.212, g: 0.227, b: 0.259, a: 1}
  m_AmbientEquatorColor: {r: 0.114, g: 0.125, b: 0.133, a: 1}
  m_AmbientGroundColor: {r: 0.047, g: 0.043, b: 0.035, a: 1}
  m_AmbientIntensity: 1
  m_AmbientMode: 3
  m_SkyboxMaterial: {fileID: 0}
  m_HaloStrength: 0.5
  m_FlareStrength: 1
  m_FlareFadeSpeed: 3
  m_HaloTexture: {fileID: 0}
  m_SpotCookie: {fileID: 10001, guid: 0000000000000000e000000000000000, type: 0}
  m_DefaultReflectionMode: 0
  m_DefaultReflectionResolution: 128
  m_ReflectionBounces: 1
  m_ReflectionIntensity: 1
  m_CustomReflection: {fileID: 0}
  m_Sun: {fileID: 0}
  m_IndirectSpecularColor: {r: 0, g: 0, b: 0, a: 1}
--- !u!157 &3
LightmapSettings:
  m_ObjectHideFlags: 0
  serializedVersion: 7
  m_GIWorkflowMode: 1
  m_GISettings:
    serializedVersion: 2
    m_BounceScale: 1
    m_IndirectOutputScale: 1
    m_AlbedoBoost: 1
    m_TemporalCoherenceThreshold: 1
    m_EnvironmentLightingMode: 0
    m_EnableBakedLightmaps: 0
    m_EnableRealtimeLightmaps: 0
  m_LightmapEditorSettings:
    serializedVersion: 4
    m_Resolution: 2
    m_BakeResolution: 40
    m_TextureWidth: 1024
    m_TextureHeight: 1024
    m_AO: 0
    m_AOMaxDistance: 1
    m_CompAOExponent: 1
    m_CompAOExponentDirect: 0
    m_Padding: 2
    m_LightmapParameters: {fileID: 0}
    m_LightmapsBakeMode: 1
    m_TextureCompression: 1
    m_DirectLightInLightProbes: 1
    m_FinalGather: 0
    m_FinalGatherFiltering: 1
    m_FinalGatherRayCount: 256
    m_ReflectionCompression: 2
  m_LightingDataAsset: {fileID: 0}
  m_RuntimeCPUUsage: 25
--- !u!196 &4
NavMeshSettings:
  serializedVersion: 2
  m_ObjectHideFlags: 0
  m_BuildSettings:
    serializedVersion: 2
    agentRadius: 0.5
    agentHeight: 2
    agentSlope: 45
    agentClimb: 0.4
    ledgeDropHeight: 0
    maxJumpAcrossDistance: 0
    accuratePlacement: 0
    minRegionArea: 2
    cellSize: 0.16666667
    manualCellSize: 0
  m_NavMeshData: {fileID: 0}
--- !u!1001 &41271277
Prefab:
  m_ObjectHideFlags: 0
  serializedVersion: 2
  m_Modification:
    m_TransformParent: {fileID: 1166057548}
    m_Modifications:
    - target: {fileID: 4000013203246406, guid: 3a2bade359ab1c747af4850013255274, type: 2}
      propertyPath: m_LocalPosition.x
      value: 137.16
      objectReference: {fileID: 0}
    - target: {fileID: 4000013203246406, guid: 3a2bade359ab1c747af4850013255274, type: 2}
      propertyPath: m_LocalPosition.y
      value: 0
      objectReference: {fileID: 0}
    - target: {fileID: 4000013203246406, guid: 3a2bade359ab1c747af4850013255274, type: 2}
      propertyPath: m_LocalPosition.z
      value: 0
      objectReference: {fileID: 0}
    - target: {fileID: 4000013203246406, guid: 3a2bade359ab1c747af4850013255274, type: 2}
      propertyPath: m_LocalRotation.x
      value: -0
      objectReference: {fileID: 0}
    - target: {fileID: 4000013203246406, guid: 3a2bade359ab1c747af4850013255274, type: 2}
      propertyPath: m_LocalRotation.y
      value: -0
      objectReference: {fileID: 0}
    - target: {fileID: 4000013203246406, guid: 3a2bade359ab1c747af4850013255274, type: 2}
      propertyPath: m_LocalRotation.z
      value: -0
      objectReference: {fileID: 0}
    - target: {fileID: 4000013203246406, guid: 3a2bade359ab1c747af4850013255274, type: 2}
      propertyPath: m_LocalRotation.w
      value: 1
      objectReference: {fileID: 0}
    - target: {fileID: 4000013203246406, guid: 3a2bade359ab1c747af4850013255274, type: 2}
      propertyPath: m_RootOrder
      value: 4
      objectReference: {fileID: 0}
    m_RemovedComponents: []
  m_ParentPrefab: {fileID: 100100000, guid: 3a2bade359ab1c747af4850013255274, type: 2}
  m_IsPrefabParent: 0
--- !u!4 &41271278 stripped
Transform:
  m_PrefabParentObject: {fileID: 4000013203246406, guid: 3a2bade359ab1c747af4850013255274,
    type: 2}
  m_PrefabInternal: {fileID: 41271277}
--- !u!1001 &80892050
Prefab:
  m_ObjectHideFlags: 0
  serializedVersion: 2
  m_Modification:
    m_TransformParent: {fileID: 1166057548}
    m_Modifications:
    - target: {fileID: 4000011781920284, guid: 0ffe83e0845a563449043c9dc4c4fbc0, type: 2}
      propertyPath: m_LocalPosition.x
      value: 188.9
      objectReference: {fileID: 0}
    - target: {fileID: 4000011781920284, guid: 0ffe83e0845a563449043c9dc4c4fbc0, type: 2}
      propertyPath: m_LocalPosition.y
      value: -0.8265026
      objectReference: {fileID: 0}
    - target: {fileID: 4000011781920284, guid: 0ffe83e0845a563449043c9dc4c4fbc0, type: 2}
      propertyPath: m_LocalPosition.z
      value: 0
      objectReference: {fileID: 0}
    - target: {fileID: 4000011781920284, guid: 0ffe83e0845a563449043c9dc4c4fbc0, type: 2}
      propertyPath: m_LocalRotation.x
      value: -0
      objectReference: {fileID: 0}
    - target: {fileID: 4000011781920284, guid: 0ffe83e0845a563449043c9dc4c4fbc0, type: 2}
      propertyPath: m_LocalRotation.y
      value: -0
      objectReference: {fileID: 0}
    - target: {fileID: 4000011781920284, guid: 0ffe83e0845a563449043c9dc4c4fbc0, type: 2}
      propertyPath: m_LocalRotation.z
      value: -0
      objectReference: {fileID: 0}
    - target: {fileID: 4000011781920284, guid: 0ffe83e0845a563449043c9dc4c4fbc0, type: 2}
      propertyPath: m_LocalRotation.w
      value: 1
      objectReference: {fileID: 0}
    - target: {fileID: 4000011781920284, guid: 0ffe83e0845a563449043c9dc4c4fbc0, type: 2}
      propertyPath: m_RootOrder
      value: 6
      objectReference: {fileID: 0}
    - target: {fileID: 1000012293799640, guid: 0ffe83e0845a563449043c9dc4c4fbc0, type: 2}
      propertyPath: m_Name
      value: DarknessSpawner (2)
      objectReference: {fileID: 0}
    m_RemovedComponents: []
  m_ParentPrefab: {fileID: 100100000, guid: 0ffe83e0845a563449043c9dc4c4fbc0, type: 2}
  m_IsPrefabParent: 0
--- !u!4 &80892051 stripped
Transform:
  m_PrefabParentObject: {fileID: 4000011781920284, guid: 0ffe83e0845a563449043c9dc4c4fbc0,
    type: 2}
  m_PrefabInternal: {fileID: 80892050}
--- !u!1001 &175712740
Prefab:
  m_ObjectHideFlags: 0
  serializedVersion: 2
  m_Modification:
    m_TransformParent: {fileID: 0}
    m_Modifications:
    - target: {fileID: 4000013613993758, guid: bbb60db6f96c0e34f8ab4ac9884f3fb8, type: 2}
      propertyPath: m_LocalPosition.x
      value: 3.09
      objectReference: {fileID: 0}
    - target: {fileID: 4000013613993758, guid: bbb60db6f96c0e34f8ab4ac9884f3fb8, type: 2}
      propertyPath: m_LocalPosition.y
      value: 0.89
      objectReference: {fileID: 0}
    - target: {fileID: 4000013613993758, guid: bbb60db6f96c0e34f8ab4ac9884f3fb8, type: 2}
      propertyPath: m_LocalPosition.z
      value: -10
      objectReference: {fileID: 0}
    - target: {fileID: 4000013613993758, guid: bbb60db6f96c0e34f8ab4ac9884f3fb8, type: 2}
      propertyPath: m_LocalRotation.x
      value: -0
      objectReference: {fileID: 0}
    - target: {fileID: 4000013613993758, guid: bbb60db6f96c0e34f8ab4ac9884f3fb8, type: 2}
      propertyPath: m_LocalRotation.y
      value: -0
      objectReference: {fileID: 0}
    - target: {fileID: 4000013613993758, guid: bbb60db6f96c0e34f8ab4ac9884f3fb8, type: 2}
      propertyPath: m_LocalRotation.z
      value: -0
      objectReference: {fileID: 0}
    - target: {fileID: 4000013613993758, guid: bbb60db6f96c0e34f8ab4ac9884f3fb8, type: 2}
      propertyPath: m_LocalRotation.w
      value: 1
      objectReference: {fileID: 0}
    - target: {fileID: 4000013613993758, guid: bbb60db6f96c0e34f8ab4ac9884f3fb8, type: 2}
      propertyPath: m_RootOrder
      value: 5
      objectReference: {fileID: 0}
    - target: {fileID: 114000011278834114, guid: bbb60db6f96c0e34f8ab4ac9884f3fb8,
        type: 2}
      propertyPath: target
      value: 
      objectReference: {fileID: 225490638}
    m_RemovedComponents: []
  m_ParentPrefab: {fileID: 100100000, guid: bbb60db6f96c0e34f8ab4ac9884f3fb8, type: 2}
  m_IsPrefabParent: 0
--- !u!1001 &203682943
Prefab:
  m_ObjectHideFlags: 0
  serializedVersion: 2
  m_Modification:
    m_TransformParent: {fileID: 1894777134}
    m_Modifications:
    - target: {fileID: 4000013701952040, guid: 8798f74e229754641b48b23fdf9657af, type: 2}
      propertyPath: m_LocalPosition.x
      value: -52.284115
      objectReference: {fileID: 0}
    - target: {fileID: 4000013701952040, guid: 8798f74e229754641b48b23fdf9657af, type: 2}
      propertyPath: m_LocalPosition.y
      value: 2.0397942
      objectReference: {fileID: 0}
    - target: {fileID: 4000013701952040, guid: 8798f74e229754641b48b23fdf9657af, type: 2}
      propertyPath: m_LocalPosition.z
      value: 0
      objectReference: {fileID: 0}
    - target: {fileID: 4000013701952040, guid: 8798f74e229754641b48b23fdf9657af, type: 2}
      propertyPath: m_LocalRotation.x
      value: -0
      objectReference: {fileID: 0}
    - target: {fileID: 4000013701952040, guid: 8798f74e229754641b48b23fdf9657af, type: 2}
      propertyPath: m_LocalRotation.y
      value: -0
      objectReference: {fileID: 0}
    - target: {fileID: 4000013701952040, guid: 8798f74e229754641b48b23fdf9657af, type: 2}
      propertyPath: m_LocalRotation.z
      value: -0
      objectReference: {fileID: 0}
    - target: {fileID: 4000013701952040, guid: 8798f74e229754641b48b23fdf9657af, type: 2}
      propertyPath: m_LocalRotation.w
      value: 1
      objectReference: {fileID: 0}
    - target: {fileID: 4000013701952040, guid: 8798f74e229754641b48b23fdf9657af, type: 2}
      propertyPath: m_RootOrder
      value: 4
      objectReference: {fileID: 0}
    - target: {fileID: 4000010838508908, guid: 8798f74e229754641b48b23fdf9657af, type: 2}
      propertyPath: m_LocalPosition.x
      value: 3.93
      objectReference: {fileID: 0}
    - target: {fileID: 1000014293219416, guid: 8798f74e229754641b48b23fdf9657af, type: 2}
      propertyPath: m_Name
      value: FlyingEnemyWithPoints (3)
      objectReference: {fileID: 0}
    m_RemovedComponents: []
  m_ParentPrefab: {fileID: 100100000, guid: 8798f74e229754641b48b23fdf9657af, type: 2}
  m_IsPrefabParent: 0
--- !u!1001 &209813147
Prefab:
  m_ObjectHideFlags: 0
  serializedVersion: 2
  m_Modification:
    m_TransformParent: {fileID: 1166057548}
    m_Modifications:
    - target: {fileID: 4000011781920284, guid: 0ffe83e0845a563449043c9dc4c4fbc0, type: 2}
      propertyPath: m_LocalPosition.x
      value: 166.2
      objectReference: {fileID: 0}
    - target: {fileID: 4000011781920284, guid: 0ffe83e0845a563449043c9dc4c4fbc0, type: 2}
      propertyPath: m_LocalPosition.y
      value: -0.8265026
      objectReference: {fileID: 0}
    - target: {fileID: 4000011781920284, guid: 0ffe83e0845a563449043c9dc4c4fbc0, type: 2}
      propertyPath: m_LocalPosition.z
      value: 0
      objectReference: {fileID: 0}
    - target: {fileID: 4000011781920284, guid: 0ffe83e0845a563449043c9dc4c4fbc0, type: 2}
      propertyPath: m_LocalRotation.x
      value: -0
      objectReference: {fileID: 0}
    - target: {fileID: 4000011781920284, guid: 0ffe83e0845a563449043c9dc4c4fbc0, type: 2}
      propertyPath: m_LocalRotation.y
      value: -0
      objectReference: {fileID: 0}
    - target: {fileID: 4000011781920284, guid: 0ffe83e0845a563449043c9dc4c4fbc0, type: 2}
      propertyPath: m_LocalRotation.z
      value: -0
      objectReference: {fileID: 0}
    - target: {fileID: 4000011781920284, guid: 0ffe83e0845a563449043c9dc4c4fbc0, type: 2}
      propertyPath: m_LocalRotation.w
      value: 1
      objectReference: {fileID: 0}
    - target: {fileID: 4000011781920284, guid: 0ffe83e0845a563449043c9dc4c4fbc0, type: 2}
      propertyPath: m_RootOrder
      value: 5
      objectReference: {fileID: 0}
    - target: {fileID: 1000012293799640, guid: 0ffe83e0845a563449043c9dc4c4fbc0, type: 2}
      propertyPath: m_Name
      value: DarknessSpawner (1)
      objectReference: {fileID: 0}
    m_RemovedComponents: []
  m_ParentPrefab: {fileID: 100100000, guid: 0ffe83e0845a563449043c9dc4c4fbc0, type: 2}
  m_IsPrefabParent: 0
--- !u!4 &209813148 stripped
Transform:
  m_PrefabParentObject: {fileID: 4000011781920284, guid: 0ffe83e0845a563449043c9dc4c4fbc0,
    type: 2}
  m_PrefabInternal: {fileID: 209813147}
--- !u!1001 &225404382
Prefab:
  m_ObjectHideFlags: 0
  serializedVersion: 2
  m_Modification:
    m_TransformParent: {fileID: 1894777134}
    m_Modifications:
    - target: {fileID: 4000013701952040, guid: 8798f74e229754641b48b23fdf9657af, type: 2}
      propertyPath: m_LocalPosition.x
      value: -73.89912
      objectReference: {fileID: 0}
    - target: {fileID: 4000013701952040, guid: 8798f74e229754641b48b23fdf9657af, type: 2}
      propertyPath: m_LocalPosition.y
      value: 2.0397942
      objectReference: {fileID: 0}
    - target: {fileID: 4000013701952040, guid: 8798f74e229754641b48b23fdf9657af, type: 2}
      propertyPath: m_LocalPosition.z
      value: 0
      objectReference: {fileID: 0}
    - target: {fileID: 4000013701952040, guid: 8798f74e229754641b48b23fdf9657af, type: 2}
      propertyPath: m_LocalRotation.x
      value: -0
      objectReference: {fileID: 0}
    - target: {fileID: 4000013701952040, guid: 8798f74e229754641b48b23fdf9657af, type: 2}
      propertyPath: m_LocalRotation.y
      value: -0
      objectReference: {fileID: 0}
    - target: {fileID: 4000013701952040, guid: 8798f74e229754641b48b23fdf9657af, type: 2}
      propertyPath: m_LocalRotation.z
      value: -0
      objectReference: {fileID: 0}
    - target: {fileID: 4000013701952040, guid: 8798f74e229754641b48b23fdf9657af, type: 2}
      propertyPath: m_LocalRotation.w
      value: 1
      objectReference: {fileID: 0}
    - target: {fileID: 4000013701952040, guid: 8798f74e229754641b48b23fdf9657af, type: 2}
      propertyPath: m_RootOrder
      value: 2
      objectReference: {fileID: 0}
    - target: {fileID: 4000010838508908, guid: 8798f74e229754641b48b23fdf9657af, type: 2}
      propertyPath: m_LocalPosition.x
      value: 3.93
      objectReference: {fileID: 0}
    - target: {fileID: 1000014293219416, guid: 8798f74e229754641b48b23fdf9657af, type: 2}
      propertyPath: m_Name
      value: FlyingEnemyWithPoints (1)
      objectReference: {fileID: 0}
    m_RemovedComponents: []
  m_ParentPrefab: {fileID: 100100000, guid: 8798f74e229754641b48b23fdf9657af, type: 2}
  m_IsPrefabParent: 0
--- !u!4 &225490638 stripped
Transform:
  m_PrefabParentObject: {fileID: 4000013025441918, guid: c4eb9e40d05ac9e41a9fe39b72aba595,
    type: 2}
  m_PrefabInternal: {fileID: 1337484277}
--- !u!1001 &540509805
Prefab:
  m_ObjectHideFlags: 0
  serializedVersion: 2
  m_Modification:
    m_TransformParent: {fileID: 1166057548}
    m_Modifications:
    - target: {fileID: 4000013203246406, guid: 3a2bade359ab1c747af4850013255274, type: 2}
      propertyPath: m_LocalPosition.x
      value: 0
      objectReference: {fileID: 0}
    - target: {fileID: 4000013203246406, guid: 3a2bade359ab1c747af4850013255274, type: 2}
      propertyPath: m_LocalPosition.y
      value: 0
      objectReference: {fileID: 0}
    - target: {fileID: 4000013203246406, guid: 3a2bade359ab1c747af4850013255274, type: 2}
      propertyPath: m_LocalPosition.z
      value: 0
      objectReference: {fileID: 0}
    - target: {fileID: 4000013203246406, guid: 3a2bade359ab1c747af4850013255274, type: 2}
      propertyPath: m_LocalRotation.x
      value: -0
      objectReference: {fileID: 0}
    - target: {fileID: 4000013203246406, guid: 3a2bade359ab1c747af4850013255274, type: 2}
      propertyPath: m_LocalRotation.y
      value: -0
      objectReference: {fileID: 0}
    - target: {fileID: 4000013203246406, guid: 3a2bade359ab1c747af4850013255274, type: 2}
      propertyPath: m_LocalRotation.z
      value: -0
      objectReference: {fileID: 0}
    - target: {fileID: 4000013203246406, guid: 3a2bade359ab1c747af4850013255274, type: 2}
      propertyPath: m_LocalRotation.w
      value: 1
      objectReference: {fileID: 0}
    - target: {fileID: 4000013203246406, guid: 3a2bade359ab1c747af4850013255274, type: 2}
      propertyPath: m_RootOrder
      value: 0
      objectReference: {fileID: 0}
    m_RemovedComponents: []
  m_ParentPrefab: {fileID: 100100000, guid: 3a2bade359ab1c747af4850013255274, type: 2}
  m_IsPrefabParent: 0
--- !u!4 &590330903 stripped
Transform:
  m_PrefabParentObject: {fileID: 4000013203246406, guid: 3a2bade359ab1c747af4850013255274,
    type: 2}
  m_PrefabInternal: {fileID: 540509805}
--- !u!1001 &623713982
Prefab:
  m_ObjectHideFlags: 0
  serializedVersion: 2
  m_Modification:
    m_TransformParent: {fileID: 0}
    m_Modifications:
    - target: {fileID: 224000013252873476, guid: 2361115cf5fac314e92ca7daf021c598,
        type: 2}
      propertyPath: m_LocalPosition.x
      value: 0
      objectReference: {fileID: 0}
    - target: {fileID: 224000013252873476, guid: 2361115cf5fac314e92ca7daf021c598,
        type: 2}
      propertyPath: m_LocalPosition.y
      value: 0
      objectReference: {fileID: 0}
    - target: {fileID: 224000013252873476, guid: 2361115cf5fac314e92ca7daf021c598,
        type: 2}
      propertyPath: m_LocalPosition.z
      value: 0
      objectReference: {fileID: 0}
    - target: {fileID: 224000013252873476, guid: 2361115cf5fac314e92ca7daf021c598,
        type: 2}
      propertyPath: m_LocalRotation.x
      value: 0
      objectReference: {fileID: 0}
    - target: {fileID: 224000013252873476, guid: 2361115cf5fac314e92ca7daf021c598,
        type: 2}
      propertyPath: m_LocalRotation.y
      value: 0
      objectReference: {fileID: 0}
    - target: {fileID: 224000013252873476, guid: 2361115cf5fac314e92ca7daf021c598,
        type: 2}
      propertyPath: m_LocalRotation.z
      value: 0
      objectReference: {fileID: 0}
    - target: {fileID: 224000013252873476, guid: 2361115cf5fac314e92ca7daf021c598,
        type: 2}
      propertyPath: m_LocalRotation.w
      value: 1
      objectReference: {fileID: 0}
    - target: {fileID: 224000013252873476, guid: 2361115cf5fac314e92ca7daf021c598,
        type: 2}
      propertyPath: m_RootOrder
      value: 0
      objectReference: {fileID: 0}
    - target: {fileID: 224000013252873476, guid: 2361115cf5fac314e92ca7daf021c598,
        type: 2}
      propertyPath: m_AnchoredPosition.x
      value: 0
      objectReference: {fileID: 0}
    - target: {fileID: 224000013252873476, guid: 2361115cf5fac314e92ca7daf021c598,
        type: 2}
      propertyPath: m_AnchoredPosition.y
      value: 0
      objectReference: {fileID: 0}
    - target: {fileID: 224000013252873476, guid: 2361115cf5fac314e92ca7daf021c598,
        type: 2}
      propertyPath: m_SizeDelta.x
      value: 0
      objectReference: {fileID: 0}
    - target: {fileID: 224000013252873476, guid: 2361115cf5fac314e92ca7daf021c598,
        type: 2}
      propertyPath: m_SizeDelta.y
      value: 0
      objectReference: {fileID: 0}
    - target: {fileID: 224000013252873476, guid: 2361115cf5fac314e92ca7daf021c598,
        type: 2}
      propertyPath: m_AnchorMin.x
      value: 0
      objectReference: {fileID: 0}
    - target: {fileID: 224000013252873476, guid: 2361115cf5fac314e92ca7daf021c598,
        type: 2}
      propertyPath: m_AnchorMin.y
      value: 0
      objectReference: {fileID: 0}
    - target: {fileID: 224000013252873476, guid: 2361115cf5fac314e92ca7daf021c598,
        type: 2}
      propertyPath: m_AnchorMax.x
      value: 0
      objectReference: {fileID: 0}
    - target: {fileID: 224000013252873476, guid: 2361115cf5fac314e92ca7daf021c598,
        type: 2}
      propertyPath: m_AnchorMax.y
      value: 0
      objectReference: {fileID: 0}
    - target: {fileID: 224000013252873476, guid: 2361115cf5fac314e92ca7daf021c598,
        type: 2}
      propertyPath: m_Pivot.x
      value: 0
      objectReference: {fileID: 0}
    - target: {fileID: 224000013252873476, guid: 2361115cf5fac314e92ca7daf021c598,
        type: 2}
      propertyPath: m_Pivot.y
      value: 0
      objectReference: {fileID: 0}
    m_RemovedComponents: []
  m_ParentPrefab: {fileID: 100100000, guid: 2361115cf5fac314e92ca7daf021c598, type: 2}
  m_IsPrefabParent: 0
--- !u!114 &623713983 stripped
MonoBehaviour:
  m_PrefabParentObject: {fileID: 114000013228879994, guid: 2361115cf5fac314e92ca7daf021c598,
    type: 2}
  m_PrefabInternal: {fileID: 623713982}
  m_Script: {fileID: -765806418, guid: f5f67c52d1564df4a8936ccd202a3bd8, type: 3}
--- !u!114 &623713984 stripped
MonoBehaviour:
  m_PrefabParentObject: {fileID: 114000012875310912, guid: 2361115cf5fac314e92ca7daf021c598,
    type: 2}
  m_PrefabInternal: {fileID: 623713982}
  m_Script: {fileID: -765806418, guid: f5f67c52d1564df4a8936ccd202a3bd8, type: 3}
--- !u!1001 &703651157
Prefab:
  m_ObjectHideFlags: 0
  serializedVersion: 2
  m_Modification:
    m_TransformParent: {fileID: 0}
    m_Modifications:
    - target: {fileID: 4000012075564962, guid: cd69a9785f89f07489b6a8c27cd50ec5, type: 2}
      propertyPath: m_LocalPosition.x
      value: 119.9
      objectReference: {fileID: 0}
    - target: {fileID: 4000012075564962, guid: cd69a9785f89f07489b6a8c27cd50ec5, type: 2}
      propertyPath: m_LocalPosition.y
      value: -8.9
      objectReference: {fileID: 0}
    - target: {fileID: 4000012075564962, guid: cd69a9785f89f07489b6a8c27cd50ec5, type: 2}
      propertyPath: m_LocalPosition.z
      value: 0
      objectReference: {fileID: 0}
    - target: {fileID: 4000012075564962, guid: cd69a9785f89f07489b6a8c27cd50ec5, type: 2}
      propertyPath: m_LocalRotation.x
      value: 0
      objectReference: {fileID: 0}
    - target: {fileID: 4000012075564962, guid: cd69a9785f89f07489b6a8c27cd50ec5, type: 2}
      propertyPath: m_LocalRotation.y
      value: 0
      objectReference: {fileID: 0}
    - target: {fileID: 4000012075564962, guid: cd69a9785f89f07489b6a8c27cd50ec5, type: 2}
      propertyPath: m_LocalRotation.z
      value: 0
      objectReference: {fileID: 0}
    - target: {fileID: 4000012075564962, guid: cd69a9785f89f07489b6a8c27cd50ec5, type: 2}
      propertyPath: m_LocalRotation.w
      value: 1
      objectReference: {fileID: 0}
    - target: {fileID: 4000012075564962, guid: cd69a9785f89f07489b6a8c27cd50ec5, type: 2}
      propertyPath: m_RootOrder
      value: 2
      objectReference: {fileID: 0}
    m_RemovedComponents: []
  m_ParentPrefab: {fileID: 100100000, guid: cd69a9785f89f07489b6a8c27cd50ec5, type: 2}
  m_IsPrefabParent: 0
--- !u!4 &792154627 stripped
Transform:
  m_PrefabParentObject: {fileID: 4000013701952040, guid: 8798f74e229754641b48b23fdf9657af,
    type: 2}
  m_PrefabInternal: {fileID: 1823031710}
--- !u!1001 &851761461
Prefab:
  m_ObjectHideFlags: 0
  serializedVersion: 2
  m_Modification:
    m_TransformParent: {fileID: 1894777134}
    m_Modifications:
    - target: {fileID: 4000013367136300, guid: 83b3fbb0524a9824fbe810a3db1ff4d0, type: 2}
      propertyPath: m_LocalPosition.x
      value: 30.135887
      objectReference: {fileID: 0}
    - target: {fileID: 4000013367136300, guid: 83b3fbb0524a9824fbe810a3db1ff4d0, type: 2}
      propertyPath: m_LocalPosition.y
      value: 0.55979425
      objectReference: {fileID: 0}
    - target: {fileID: 4000013367136300, guid: 83b3fbb0524a9824fbe810a3db1ff4d0, type: 2}
      propertyPath: m_LocalPosition.z
      value: 0
      objectReference: {fileID: 0}
    - target: {fileID: 4000013367136300, guid: 83b3fbb0524a9824fbe810a3db1ff4d0, type: 2}
      propertyPath: m_LocalRotation.x
      value: -0
      objectReference: {fileID: 0}
    - target: {fileID: 4000013367136300, guid: 83b3fbb0524a9824fbe810a3db1ff4d0, type: 2}
      propertyPath: m_LocalRotation.y
      value: -0
      objectReference: {fileID: 0}
    - target: {fileID: 4000013367136300, guid: 83b3fbb0524a9824fbe810a3db1ff4d0, type: 2}
      propertyPath: m_LocalRotation.z
      value: -0
      objectReference: {fileID: 0}
    - target: {fileID: 4000013367136300, guid: 83b3fbb0524a9824fbe810a3db1ff4d0, type: 2}
      propertyPath: m_LocalRotation.w
      value: 1
      objectReference: {fileID: 0}
    - target: {fileID: 4000013367136300, guid: 83b3fbb0524a9824fbe810a3db1ff4d0, type: 2}
      propertyPath: m_RootOrder
      value: 5
      objectReference: {fileID: 0}
    - target: {fileID: 114000013078136746, guid: 83b3fbb0524a9824fbe810a3db1ff4d0,
        type: 2}
      propertyPath: timeToLive
      value: 7
      objectReference: {fileID: 0}
    - target: {fileID: 114000013078136746, guid: 83b3fbb0524a9824fbe810a3db1ff4d0,
        type: 2}
      propertyPath: spawningArrowTime
      value: 2
      objectReference: {fileID: 0}
    m_RemovedComponents: []
  m_ParentPrefab: {fileID: 100100000, guid: 83b3fbb0524a9824fbe810a3db1ff4d0, type: 2}
  m_IsPrefabParent: 0
--- !u!4 &851761462 stripped
Transform:
  m_PrefabParentObject: {fileID: 4000013367136300, guid: 83b3fbb0524a9824fbe810a3db1ff4d0,
    type: 2}
  m_PrefabInternal: {fileID: 851761461}
--- !u!1001 &979458187
Prefab:
  m_ObjectHideFlags: 0
  serializedVersion: 2
  m_Modification:
    m_TransformParent: {fileID: 1166057548}
    m_Modifications:
    - target: {fileID: 4000013203246406, guid: 3a2bade359ab1c747af4850013255274, type: 2}
      propertyPath: m_LocalPosition.x
      value: 159.9
      objectReference: {fileID: 0}
    - target: {fileID: 4000013203246406, guid: 3a2bade359ab1c747af4850013255274, type: 2}
      propertyPath: m_LocalPosition.y
      value: 0
      objectReference: {fileID: 0}
    - target: {fileID: 4000013203246406, guid: 3a2bade359ab1c747af4850013255274, type: 2}
      propertyPath: m_LocalPosition.z
      value: 0
      objectReference: {fileID: 0}
    - target: {fileID: 4000013203246406, guid: 3a2bade359ab1c747af4850013255274, type: 2}
      propertyPath: m_LocalRotation.x
      value: -0
      objectReference: {fileID: 0}
    - target: {fileID: 4000013203246406, guid: 3a2bade359ab1c747af4850013255274, type: 2}
      propertyPath: m_LocalRotation.y
      value: -0
      objectReference: {fileID: 0}
    - target: {fileID: 4000013203246406, guid: 3a2bade359ab1c747af4850013255274, type: 2}
      propertyPath: m_LocalRotation.z
      value: -0
      objectReference: {fileID: 0}
    - target: {fileID: 4000013203246406, guid: 3a2bade359ab1c747af4850013255274, type: 2}
      propertyPath: m_LocalRotation.w
      value: 1
      objectReference: {fileID: 0}
    - target: {fileID: 4000013203246406, guid: 3a2bade359ab1c747af4850013255274, type: 2}
      propertyPath: m_RootOrder
      value: 7
      objectReference: {fileID: 0}
    - target: {fileID: 1000014080429308, guid: 3a2bade359ab1c747af4850013255274, type: 2}
      propertyPath: m_Name
      value: PulseLightWithDarkness (2)
      objectReference: {fileID: 0}
    m_RemovedComponents: []
  m_ParentPrefab: {fileID: 100100000, guid: 3a2bade359ab1c747af4850013255274, type: 2}
  m_IsPrefabParent: 0
--- !u!4 &979458188 stripped
Transform:
  m_PrefabParentObject: {fileID: 4000013203246406, guid: 3a2bade359ab1c747af4850013255274,
    type: 2}
  m_PrefabInternal: {fileID: 979458187}
--- !u!1001 &988311790
Prefab:
  m_ObjectHideFlags: 0
  serializedVersion: 2
  m_Modification:
    m_TransformParent: {fileID: 1166057548}
    m_Modifications:
    - target: {fileID: 4000011781920284, guid: 0ffe83e0845a563449043c9dc4c4fbc0, type: 2}
      propertyPath: m_LocalPosition.x
      value: 174.9
      objectReference: {fileID: 0}
    - target: {fileID: 4000011781920284, guid: 0ffe83e0845a563449043c9dc4c4fbc0, type: 2}
      propertyPath: m_LocalPosition.y
      value: -0.8265026
      objectReference: {fileID: 0}
    - target: {fileID: 4000011781920284, guid: 0ffe83e0845a563449043c9dc4c4fbc0, type: 2}
      propertyPath: m_LocalPosition.z
      value: 0
      objectReference: {fileID: 0}
    - target: {fileID: 4000011781920284, guid: 0ffe83e0845a563449043c9dc4c4fbc0, type: 2}
      propertyPath: m_LocalRotation.x
      value: -0
      objectReference: {fileID: 0}
    - target: {fileID: 4000011781920284, guid: 0ffe83e0845a563449043c9dc4c4fbc0, type: 2}
      propertyPath: m_LocalRotation.y
      value: -0
      objectReference: {fileID: 0}
    - target: {fileID: 4000011781920284, guid: 0ffe83e0845a563449043c9dc4c4fbc0, type: 2}
      propertyPath: m_LocalRotation.z
      value: -0
      objectReference: {fileID: 0}
    - target: {fileID: 4000011781920284, guid: 0ffe83e0845a563449043c9dc4c4fbc0, type: 2}
      propertyPath: m_LocalRotation.w
      value: 1
      objectReference: {fileID: 0}
    - target: {fileID: 4000011781920284, guid: 0ffe83e0845a563449043c9dc4c4fbc0, type: 2}
      propertyPath: m_RootOrder
      value: 8
      objectReference: {fileID: 0}
    - target: {fileID: 1000012293799640, guid: 0ffe83e0845a563449043c9dc4c4fbc0, type: 2}
      propertyPath: m_Name
      value: DarknessSpawner (3)
      objectReference: {fileID: 0}
    m_RemovedComponents: []
  m_ParentPrefab: {fileID: 100100000, guid: 0ffe83e0845a563449043c9dc4c4fbc0, type: 2}
  m_IsPrefabParent: 0
--- !u!4 &988311791 stripped
Transform:
  m_PrefabParentObject: {fileID: 4000011781920284, guid: 0ffe83e0845a563449043c9dc4c4fbc0,
    type: 2}
  m_PrefabInternal: {fileID: 988311790}
--- !u!1001 &1014555622
Prefab:
  m_ObjectHideFlags: 0
  serializedVersion: 2
  m_Modification:
    m_TransformParent: {fileID: 1894777134}
    m_Modifications:
    - target: {fileID: 4000010860762888, guid: ee6f1f5eccbddcb428c2583b2b45def1, type: 2}
      propertyPath: m_LocalPosition.x
      value: 37.030685
      objectReference: {fileID: 0}
    - target: {fileID: 4000010860762888, guid: ee6f1f5eccbddcb428c2583b2b45def1, type: 2}
      propertyPath: m_LocalPosition.y
      value: -1.113767
      objectReference: {fileID: 0}
    - target: {fileID: 4000010860762888, guid: ee6f1f5eccbddcb428c2583b2b45def1, type: 2}
      propertyPath: m_LocalPosition.z
      value: 0
      objectReference: {fileID: 0}
    - target: {fileID: 4000010860762888, guid: ee6f1f5eccbddcb428c2583b2b45def1, type: 2}
      propertyPath: m_LocalRotation.x
      value: -0
      objectReference: {fileID: 0}
    - target: {fileID: 4000010860762888, guid: ee6f1f5eccbddcb428c2583b2b45def1, type: 2}
      propertyPath: m_LocalRotation.y
      value: -0
      objectReference: {fileID: 0}
    - target: {fileID: 4000010860762888, guid: ee6f1f5eccbddcb428c2583b2b45def1, type: 2}
      propertyPath: m_LocalRotation.z
      value: -0
      objectReference: {fileID: 0}
    - target: {fileID: 4000010860762888, guid: ee6f1f5eccbddcb428c2583b2b45def1, type: 2}
      propertyPath: m_LocalRotation.w
      value: 1
      objectReference: {fileID: 0}
    - target: {fileID: 4000010860762888, guid: ee6f1f5eccbddcb428c2583b2b45def1, type: 2}
      propertyPath: m_RootOrder
      value: 7
      objectReference: {fileID: 0}
    m_RemovedComponents: []
  m_ParentPrefab: {fileID: 100100000, guid: ee6f1f5eccbddcb428c2583b2b45def1, type: 2}
  m_IsPrefabParent: 0
--- !u!4 &1014555623 stripped
Transform:
  m_PrefabParentObject: {fileID: 4000010860762888, guid: ee6f1f5eccbddcb428c2583b2b45def1,
    type: 2}
  m_PrefabInternal: {fileID: 1014555622}
--- !u!1001 &1055431900
Prefab:
  m_ObjectHideFlags: 0
  serializedVersion: 2
  m_Modification:
    m_TransformParent: {fileID: 1166057548}
    m_Modifications:
    - target: {fileID: 4000013203246406, guid: 3a2bade359ab1c747af4850013255274, type: 2}
      propertyPath: m_LocalPosition.x
      value: 111.126
      objectReference: {fileID: 0}
    - target: {fileID: 4000013203246406, guid: 3a2bade359ab1c747af4850013255274, type: 2}
      propertyPath: m_LocalPosition.y
      value: -0.035
      objectReference: {fileID: 0}
    - target: {fileID: 4000013203246406, guid: 3a2bade359ab1c747af4850013255274, type: 2}
      propertyPath: m_LocalPosition.z
      value: 0
      objectReference: {fileID: 0}
    - target: {fileID: 4000013203246406, guid: 3a2bade359ab1c747af4850013255274, type: 2}
      propertyPath: m_LocalRotation.x
      value: -0
      objectReference: {fileID: 0}
    - target: {fileID: 4000013203246406, guid: 3a2bade359ab1c747af4850013255274, type: 2}
      propertyPath: m_LocalRotation.y
      value: -0
      objectReference: {fileID: 0}
    - target: {fileID: 4000013203246406, guid: 3a2bade359ab1c747af4850013255274, type: 2}
      propertyPath: m_LocalRotation.z
      value: -0
      objectReference: {fileID: 0}
    - target: {fileID: 4000013203246406, guid: 3a2bade359ab1c747af4850013255274, type: 2}
      propertyPath: m_LocalRotation.w
      value: 1
      objectReference: {fileID: 0}
    - target: {fileID: 4000013203246406, guid: 3a2bade359ab1c747af4850013255274, type: 2}
      propertyPath: m_RootOrder
      value: 2
      objectReference: {fileID: 0}
    m_RemovedComponents: []
  m_ParentPrefab: {fileID: 100100000, guid: 3a2bade359ab1c747af4850013255274, type: 2}
  m_IsPrefabParent: 0
--- !u!4 &1055431901 stripped
Transform:
  m_PrefabParentObject: {fileID: 4000013203246406, guid: 3a2bade359ab1c747af4850013255274,
    type: 2}
  m_PrefabInternal: {fileID: 1055431900}
--- !u!1 &1118202919
GameObject:
  m_ObjectHideFlags: 0
  m_PrefabParentObject: {fileID: 0}
  m_PrefabInternal: {fileID: 0}
  serializedVersion: 4
  m_Component:
  - 4: {fileID: 1118202921}
  - 212: {fileID: 1118202920}
  m_Layer: 0
  m_Name: background_inside_lvl2
  m_TagString: Untagged
  m_Icon: {fileID: 0}
  m_NavMeshLayer: 0
  m_StaticEditorFlags: 0
  m_IsActive: 1
--- !u!212 &1118202920
SpriteRenderer:
  m_ObjectHideFlags: 0
  m_PrefabParentObject: {fileID: 0}
  m_PrefabInternal: {fileID: 0}
  m_GameObject: {fileID: 1118202919}
  m_Enabled: 1
  m_CastShadows: 0
  m_ReceiveShadows: 0
  m_MotionVectors: 1
  m_LightProbeUsage: 0
  m_ReflectionProbeUsage: 0
  m_Materials:
  - {fileID: 10754, guid: 0000000000000000f000000000000000, type: 0}
  m_SubsetIndices: 
  m_StaticBatchRoot: {fileID: 0}
  m_ProbeAnchor: {fileID: 0}
  m_LightProbeVolumeOverride: {fileID: 0}
  m_ScaleInLightmap: 1
  m_PreserveUVs: 0
  m_IgnoreNormalsForChartDetection: 0
  m_ImportantGI: 0
  m_SelectedWireframeHidden: 1
  m_MinimumChartSize: 4
  m_AutoUVMaxDistance: 0.5
  m_AutoUVMaxAngle: 89
  m_LightmapParameters: {fileID: 0}
  m_SortingLayerID: 0
  m_SortingOrder: 0
  m_Sprite: {fileID: 21300000, guid: 3f4951a5a23dc6f42bd96423a970fef1, type: 3}
  m_Color: {r: 0.66176474, g: 0.66176474, b: 0.66176474, a: 1}
  m_FlipX: 0
  m_FlipY: 0
--- !u!4 &1118202921
Transform:
  m_ObjectHideFlags: 0
  m_PrefabParentObject: {fileID: 0}
  m_PrefabInternal: {fileID: 0}
  m_GameObject: {fileID: 1118202919}
  m_LocalRotation: {x: 0, y: 0, z: 0, w: 1}
  m_LocalPosition: {x: 111, y: 4, z: 0}
  m_LocalScale: {x: 1, y: 1, z: 1}
  m_LocalEulerAnglesHint: {x: 0, y: 0, z: 0}
  m_Children: []
  m_Father: {fileID: 0}
  m_RootOrder: 9
--- !u!4 &1162961430 stripped
Transform:
  m_PrefabParentObject: {fileID: 4000013701952040, guid: 8798f74e229754641b48b23fdf9657af,
    type: 2}
  m_PrefabInternal: {fileID: 225404382}
--- !u!1 &1166057547
GameObject:
  m_ObjectHideFlags: 0
  m_PrefabParentObject: {fileID: 0}
  m_PrefabInternal: {fileID: 0}
  serializedVersion: 4
  m_Component:
  - 4: {fileID: 1166057548}
  m_Layer: 0
  m_Name: Traps
  m_TagString: Untagged
  m_Icon: {fileID: 0}
  m_NavMeshLayer: 0
  m_StaticEditorFlags: 0
  m_IsActive: 1
--- !u!4 &1166057548
Transform:
  m_ObjectHideFlags: 0
  m_PrefabParentObject: {fileID: 0}
  m_PrefabInternal: {fileID: 0}
  m_GameObject: {fileID: 1166057547}
  m_LocalRotation: {x: 0, y: 0, z: 0, w: 1}
  m_LocalPosition: {x: 0, y: 0, z: 0}
  m_LocalScale: {x: 1, y: 1, z: 1}
  m_LocalEulerAnglesHint: {x: 0, y: 0, z: 0}
  m_Children:
  - {fileID: 590330903}
  - {fileID: 1519982153}
  - {fileID: 1055431901}
  - {fileID: 1439001704}
  - {fileID: 41271278}
  - {fileID: 209813148}
  - {fileID: 80892051}
  - {fileID: 979458188}
  - {fileID: 988311791}
  m_Father: {fileID: 0}
  m_RootOrder: 6
--- !u!1001 &1167653434
Prefab:
  m_ObjectHideFlags: 0
  serializedVersion: 2
  m_Modification:
    m_TransformParent: {fileID: 1894777134}
    m_Modifications:
    - target: {fileID: 4000010860762888, guid: ee6f1f5eccbddcb428c2583b2b45def1, type: 2}
      propertyPath: m_LocalPosition.x
      value: 106.07589
      objectReference: {fileID: 0}
    - target: {fileID: 4000010860762888, guid: ee6f1f5eccbddcb428c2583b2b45def1, type: 2}
      propertyPath: m_LocalPosition.y
      value: -1.0602057
      objectReference: {fileID: 0}
    - target: {fileID: 4000010860762888, guid: ee6f1f5eccbddcb428c2583b2b45def1, type: 2}
      propertyPath: m_LocalPosition.z
      value: 0
      objectReference: {fileID: 0}
    - target: {fileID: 4000010860762888, guid: ee6f1f5eccbddcb428c2583b2b45def1, type: 2}
      propertyPath: m_LocalRotation.x
      value: -0
      objectReference: {fileID: 0}
    - target: {fileID: 4000010860762888, guid: ee6f1f5eccbddcb428c2583b2b45def1, type: 2}
      propertyPath: m_LocalRotation.y
      value: -0
      objectReference: {fileID: 0}
    - target: {fileID: 4000010860762888, guid: ee6f1f5eccbddcb428c2583b2b45def1, type: 2}
      propertyPath: m_LocalRotation.z
      value: -0
      objectReference: {fileID: 0}
    - target: {fileID: 4000010860762888, guid: ee6f1f5eccbddcb428c2583b2b45def1, type: 2}
      propertyPath: m_LocalRotation.w
      value: 1
      objectReference: {fileID: 0}
    - target: {fileID: 4000010860762888, guid: ee6f1f5eccbddcb428c2583b2b45def1, type: 2}
      propertyPath: m_RootOrder
      value: 10
      objectReference: {fileID: 0}
    m_RemovedComponents: []
  m_ParentPrefab: {fileID: 100100000, guid: ee6f1f5eccbddcb428c2583b2b45def1, type: 2}
  m_IsPrefabParent: 0
--- !u!4 &1167653435 stripped
Transform:
  m_PrefabParentObject: {fileID: 4000010860762888, guid: ee6f1f5eccbddcb428c2583b2b45def1,
    type: 2}
  m_PrefabInternal: {fileID: 1167653434}
--- !u!1001 &1301429313
Prefab:
  m_ObjectHideFlags: 0
  serializedVersion: 2
  m_Modification:
    m_TransformParent: {fileID: 1894777134}
    m_Modifications:
    - target: {fileID: 4000010860762888, guid: ee6f1f5eccbddcb428c2583b2b45def1, type: 2}
      propertyPath: m_LocalPosition.x
      value: 53.94
      objectReference: {fileID: 0}
    - target: {fileID: 4000010860762888, guid: ee6f1f5eccbddcb428c2583b2b45def1, type: 2}
      propertyPath: m_LocalPosition.y
      value: -1.113767
      objectReference: {fileID: 0}
    - target: {fileID: 4000010860762888, guid: ee6f1f5eccbddcb428c2583b2b45def1, type: 2}
      propertyPath: m_LocalPosition.z
      value: 0
      objectReference: {fileID: 0}
    - target: {fileID: 4000010860762888, guid: ee6f1f5eccbddcb428c2583b2b45def1, type: 2}
      propertyPath: m_LocalRotation.x
      value: -0
      objectReference: {fileID: 0}
    - target: {fileID: 4000010860762888, guid: ee6f1f5eccbddcb428c2583b2b45def1, type: 2}
      propertyPath: m_LocalRotation.y
      value: -0
      objectReference: {fileID: 0}
    - target: {fileID: 4000010860762888, guid: ee6f1f5eccbddcb428c2583b2b45def1, type: 2}
      propertyPath: m_LocalRotation.z
      value: -0
      objectReference: {fileID: 0}
    - target: {fileID: 4000010860762888, guid: ee6f1f5eccbddcb428c2583b2b45def1, type: 2}
      propertyPath: m_LocalRotation.w
      value: 1
      objectReference: {fileID: 0}
    - target: {fileID: 4000010860762888, guid: ee6f1f5eccbddcb428c2583b2b45def1, type: 2}
      propertyPath: m_RootOrder
      value: 8
      objectReference: {fileID: 0}
    - target: {fileID: 1000013245797080, guid: ee6f1f5eccbddcb428c2583b2b45def1, type: 2}
      propertyPath: m_Name
      value: WalkingEnemy (1)
      objectReference: {fileID: 0}
    m_RemovedComponents: []
  m_ParentPrefab: {fileID: 100100000, guid: ee6f1f5eccbddcb428c2583b2b45def1, type: 2}
  m_IsPrefabParent: 0
--- !u!4 &1301429314 stripped
Transform:
  m_PrefabParentObject: {fileID: 4000010860762888, guid: ee6f1f5eccbddcb428c2583b2b45def1,
    type: 2}
  m_PrefabInternal: {fileID: 1301429313}
--- !u!1001 &1337484277
Prefab:
  m_ObjectHideFlags: 0
  serializedVersion: 2
  m_Modification:
    m_TransformParent: {fileID: 0}
    m_Modifications:
    - target: {fileID: 4000013025441918, guid: c4eb9e40d05ac9e41a9fe39b72aba595, type: 2}
      propertyPath: m_LocalPosition.x
      value: -0.03
      objectReference: {fileID: 0}
    - target: {fileID: 4000013025441918, guid: c4eb9e40d05ac9e41a9fe39b72aba595, type: 2}
      propertyPath: m_LocalPosition.y
      value: -0.77
      objectReference: {fileID: 0}
    - target: {fileID: 4000013025441918, guid: c4eb9e40d05ac9e41a9fe39b72aba595, type: 2}
      propertyPath: m_LocalPosition.z
      value: 0
      objectReference: {fileID: 0}
    - target: {fileID: 4000013025441918, guid: c4eb9e40d05ac9e41a9fe39b72aba595, type: 2}
      propertyPath: m_LocalRotation.x
      value: 0
      objectReference: {fileID: 0}
    - target: {fileID: 4000013025441918, guid: c4eb9e40d05ac9e41a9fe39b72aba595, type: 2}
      propertyPath: m_LocalRotation.y
      value: 0
      objectReference: {fileID: 0}
    - target: {fileID: 4000013025441918, guid: c4eb9e40d05ac9e41a9fe39b72aba595, type: 2}
      propertyPath: m_LocalRotation.z
      value: 0
      objectReference: {fileID: 0}
    - target: {fileID: 4000013025441918, guid: c4eb9e40d05ac9e41a9fe39b72aba595, type: 2}
      propertyPath: m_LocalRotation.w
      value: 1
      objectReference: {fileID: 0}
    - target: {fileID: 4000013025441918, guid: c4eb9e40d05ac9e41a9fe39b72aba595, type: 2}
      propertyPath: m_RootOrder
      value: 3
      objectReference: {fileID: 0}
    - target: {fileID: 114000010398003576, guid: c4eb9e40d05ac9e41a9fe39b72aba595,
        type: 2}
      propertyPath: batteryBar
      value: 
      objectReference: {fileID: 623713984}
    - target: {fileID: 114000010711322336, guid: c4eb9e40d05ac9e41a9fe39b72aba595,
        type: 2}
      propertyPath: HP_bar
      value: 
      objectReference: {fileID: 623713983}
    m_RemovedComponents: []
  m_ParentPrefab: {fileID: 100100000, guid: c4eb9e40d05ac9e41a9fe39b72aba595, type: 2}
  m_IsPrefabParent: 0
--- !u!4 &1439001704 stripped
Transform:
  m_PrefabParentObject: {fileID: 4000011781920284, guid: 0ffe83e0845a563449043c9dc4c4fbc0,
    type: 2}
  m_PrefabInternal: {fileID: 1739405950}
--- !u!4 &1464367679 stripped
Transform:
  m_PrefabParentObject: {fileID: 4000013701952040, guid: 8798f74e229754641b48b23fdf9657af,
    type: 2}
  m_PrefabInternal: {fileID: 2065102143}
--- !u!1001 &1519982152
Prefab:
  m_ObjectHideFlags: 0
  serializedVersion: 2
  m_Modification:
    m_TransformParent: {fileID: 1166057548}
    m_Modifications:
    - target: {fileID: 4000013203246406, guid: 3a2bade359ab1c747af4850013255274, type: 2}
      propertyPath: m_LocalPosition.x
      value: 22.94
      objectReference: {fileID: 0}
    - target: {fileID: 4000013203246406, guid: 3a2bade359ab1c747af4850013255274, type: 2}
      propertyPath: m_LocalPosition.y
      value: 0
      objectReference: {fileID: 0}
    - target: {fileID: 4000013203246406, guid: 3a2bade359ab1c747af4850013255274, type: 2}
      propertyPath: m_LocalPosition.z
      value: 0
      objectReference: {fileID: 0}
    - target: {fileID: 4000013203246406, guid: 3a2bade359ab1c747af4850013255274, type: 2}
      propertyPath: m_LocalRotation.x
      value: -0
      objectReference: {fileID: 0}
    - target: {fileID: 4000013203246406, guid: 3a2bade359ab1c747af4850013255274, type: 2}
      propertyPath: m_LocalRotation.y
      value: -0
      objectReference: {fileID: 0}
    - target: {fileID: 4000013203246406, guid: 3a2bade359ab1c747af4850013255274, type: 2}
      propertyPath: m_LocalRotation.z
      value: -0
      objectReference: {fileID: 0}
    - target: {fileID: 4000013203246406, guid: 3a2bade359ab1c747af4850013255274, type: 2}
      propertyPath: m_LocalRotation.w
      value: 1
      objectReference: {fileID: 0}
    - target: {fileID: 4000013203246406, guid: 3a2bade359ab1c747af4850013255274, type: 2}
      propertyPath: m_RootOrder
      value: 1
      objectReference: {fileID: 0}
    - target: {fileID: 1000014080429308, guid: 3a2bade359ab1c747af4850013255274, type: 2}
      propertyPath: m_Name
      value: PulseLightWithDarkness (1)
      objectReference: {fileID: 0}
    m_RemovedComponents: []
  m_ParentPrefab: {fileID: 100100000, guid: 3a2bade359ab1c747af4850013255274, type: 2}
  m_IsPrefabParent: 0
--- !u!4 &1519982153 stripped
Transform:
  m_PrefabParentObject: {fileID: 4000013203246406, guid: 3a2bade359ab1c747af4850013255274,
    type: 2}
  m_PrefabInternal: {fileID: 1519982152}
--- !u!1001 &1527427496
Prefab:
  m_ObjectHideFlags: 0
  serializedVersion: 2
  m_Modification:
    m_TransformParent: {fileID: 0}
    m_Modifications:
    - target: {fileID: 4000011559583662, guid: 70cdab2742a19894b9c59db81fcd5a41, type: 2}
      propertyPath: m_LocalPosition.x
      value: 232.63
      objectReference: {fileID: 0}
    - target: {fileID: 4000011559583662, guid: 70cdab2742a19894b9c59db81fcd5a41, type: 2}
      propertyPath: m_LocalPosition.y
      value: 3.71
      objectReference: {fileID: 0}
    - target: {fileID: 4000011559583662, guid: 70cdab2742a19894b9c59db81fcd5a41, type: 2}
      propertyPath: m_LocalPosition.z
      value: 0
      objectReference: {fileID: 0}
    - target: {fileID: 4000011559583662, guid: 70cdab2742a19894b9c59db81fcd5a41, type: 2}
      propertyPath: m_LocalRotation.x
      value: 0
      objectReference: {fileID: 0}
    - target: {fileID: 4000011559583662, guid: 70cdab2742a19894b9c59db81fcd5a41, type: 2}
      propertyPath: m_LocalRotation.y
      value: 0
      objectReference: {fileID: 0}
    - target: {fileID: 4000011559583662, guid: 70cdab2742a19894b9c59db81fcd5a41, type: 2}
      propertyPath: m_LocalRotation.z
      value: 0
      objectReference: {fileID: 0}
    - target: {fileID: 4000011559583662, guid: 70cdab2742a19894b9c59db81fcd5a41, type: 2}
      propertyPath: m_LocalRotation.w
      value: 1
      objectReference: {fileID: 0}
    - target: {fileID: 4000011559583662, guid: 70cdab2742a19894b9c59db81fcd5a41, type: 2}
      propertyPath: m_RootOrder
      value: 7
      objectReference: {fileID: 0}
    m_RemovedComponents: []
  m_ParentPrefab: {fileID: 100100000, guid: 70cdab2742a19894b9c59db81fcd5a41, type: 2}
  m_IsPrefabParent: 0
--- !u!1001 &1558894224
Prefab:
  m_ObjectHideFlags: 0
  serializedVersion: 2
  m_Modification:
    m_TransformParent: {fileID: 0}
    m_Modifications:
    - target: {fileID: 4000010178909120, guid: ad72e74febe260a4f88349009f3fd8d3, type: 2}
      propertyPath: m_LocalPosition.x
      value: 0
      objectReference: {fileID: 0}
    - target: {fileID: 4000010178909120, guid: ad72e74febe260a4f88349009f3fd8d3, type: 2}
      propertyPath: m_LocalPosition.y
      value: 0
      objectReference: {fileID: 0}
    - target: {fileID: 4000010178909120, guid: ad72e74febe260a4f88349009f3fd8d3, type: 2}
      propertyPath: m_LocalPosition.z
      value: 0
      objectReference: {fileID: 0}
    - target: {fileID: 4000010178909120, guid: ad72e74febe260a4f88349009f3fd8d3, type: 2}
      propertyPath: m_LocalRotation.x
      value: -0
      objectReference: {fileID: 0}
    - target: {fileID: 4000010178909120, guid: ad72e74febe260a4f88349009f3fd8d3, type: 2}
      propertyPath: m_LocalRotation.y
      value: -0
      objectReference: {fileID: 0}
    - target: {fileID: 4000010178909120, guid: ad72e74febe260a4f88349009f3fd8d3, type: 2}
      propertyPath: m_LocalRotation.z
      value: -0
      objectReference: {fileID: 0}
    - target: {fileID: 4000010178909120, guid: ad72e74febe260a4f88349009f3fd8d3, type: 2}
      propertyPath: m_LocalRotation.w
      value: 1
      objectReference: {fileID: 0}
    - target: {fileID: 4000010178909120, guid: ad72e74febe260a4f88349009f3fd8d3, type: 2}
      propertyPath: m_RootOrder
      value: 8
      objectReference: {fileID: 0}
    m_RemovedComponents: []
  m_ParentPrefab: {fileID: 100100000, guid: ad72e74febe260a4f88349009f3fd8d3, type: 2}
  m_IsPrefabParent: 0
--- !u!4 &1682314422 stripped
Transform:
  m_PrefabParentObject: {fileID: 4000013701952040, guid: 8798f74e229754641b48b23fdf9657af,
    type: 2}
  m_PrefabInternal: {fileID: 203682943}
--- !u!1001 &1702963325
Prefab:
  m_ObjectHideFlags: 0
  serializedVersion: 2
  m_Modification:
    m_TransformParent: {fileID: 0}
    m_Modifications:
    - target: {fileID: 4000012783202276, guid: a7cd941ae9a238e4d938a71b78b6a713, type: 2}
      propertyPath: m_LocalPosition.x
      value: -3.81
      objectReference: {fileID: 0}
    - target: {fileID: 4000012783202276, guid: a7cd941ae9a238e4d938a71b78b6a713, type: 2}
      propertyPath: m_LocalPosition.y
      value: 130
      objectReference: {fileID: 0}
    - target: {fileID: 4000012783202276, guid: a7cd941ae9a238e4d938a71b78b6a713, type: 2}
      propertyPath: m_LocalPosition.z
      value: 0
      objectReference: {fileID: 0}
    - target: {fileID: 4000012783202276, guid: a7cd941ae9a238e4d938a71b78b6a713, type: 2}
      propertyPath: m_LocalRotation.x
      value: 0
      objectReference: {fileID: 0}
    - target: {fileID: 4000012783202276, guid: a7cd941ae9a238e4d938a71b78b6a713, type: 2}
      propertyPath: m_LocalRotation.y
      value: 0
      objectReference: {fileID: 0}
    - target: {fileID: 4000012783202276, guid: a7cd941ae9a238e4d938a71b78b6a713, type: 2}
      propertyPath: m_LocalRotation.z
      value: 0
      objectReference: {fileID: 0}
    - target: {fileID: 4000012783202276, guid: a7cd941ae9a238e4d938a71b78b6a713, type: 2}
      propertyPath: m_LocalRotation.w
      value: 1
      objectReference: {fileID: 0}
    - target: {fileID: 4000012783202276, guid: a7cd941ae9a238e4d938a71b78b6a713, type: 2}
      propertyPath: m_RootOrder
      value: 1
      objectReference: {fileID: 0}
    m_RemovedComponents: []
  m_ParentPrefab: {fileID: 100100000, guid: a7cd941ae9a238e4d938a71b78b6a713, type: 2}
  m_IsPrefabParent: 0
--- !u!1001 &1739405950
Prefab:
  m_ObjectHideFlags: 0
  serializedVersion: 2
  m_Modification:
    m_TransformParent: {fileID: 1166057548}
    m_Modifications:
    - target: {fileID: 4000011781920284, guid: 0ffe83e0845a563449043c9dc4c4fbc0, type: 2}
      propertyPath: m_LocalPosition.x
      value: 152.20285
      objectReference: {fileID: 0}
    - target: {fileID: 4000011781920284, guid: 0ffe83e0845a563449043c9dc4c4fbc0, type: 2}
      propertyPath: m_LocalPosition.y
      value: -0.8265026
      objectReference: {fileID: 0}
    - target: {fileID: 4000011781920284, guid: 0ffe83e0845a563449043c9dc4c4fbc0, type: 2}
      propertyPath: m_LocalPosition.z
      value: 0
      objectReference: {fileID: 0}
    - target: {fileID: 4000011781920284, guid: 0ffe83e0845a563449043c9dc4c4fbc0, type: 2}
      propertyPath: m_LocalRotation.x
      value: -0
      objectReference: {fileID: 0}
    - target: {fileID: 4000011781920284, guid: 0ffe83e0845a563449043c9dc4c4fbc0, type: 2}
      propertyPath: m_LocalRotation.y
      value: -0
      objectReference: {fileID: 0}
    - target: {fileID: 4000011781920284, guid: 0ffe83e0845a563449043c9dc4c4fbc0, type: 2}
      propertyPath: m_LocalRotation.z
      value: -0
      objectReference: {fileID: 0}
    - target: {fileID: 4000011781920284, guid: 0ffe83e0845a563449043c9dc4c4fbc0, type: 2}
      propertyPath: m_LocalRotation.w
      value: 1
      objectReference: {fileID: 0}
    - target: {fileID: 4000011781920284, guid: 0ffe83e0845a563449043c9dc4c4fbc0, type: 2}
      propertyPath: m_RootOrder
      value: 3
      objectReference: {fileID: 0}
    m_RemovedComponents: []
  m_ParentPrefab: {fileID: 100100000, guid: 0ffe83e0845a563449043c9dc4c4fbc0, type: 2}
  m_IsPrefabParent: 0
--- !u!1001 &1823031710
Prefab:
  m_ObjectHideFlags: 0
  serializedVersion: 2
  m_Modification:
    m_TransformParent: {fileID: 1894777134}
    m_Modifications:
    - target: {fileID: 4000013701952040, guid: 8798f74e229754641b48b23fdf9657af, type: 2}
      propertyPath: m_LocalPosition.x
      value: -82.03412
      objectReference: {fileID: 0}
    - target: {fileID: 4000013701952040, guid: 8798f74e229754641b48b23fdf9657af, type: 2}
      propertyPath: m_LocalPosition.y
      value: 2.0397942
      objectReference: {fileID: 0}
    - target: {fileID: 4000013701952040, guid: 8798f74e229754641b48b23fdf9657af, type: 2}
      propertyPath: m_LocalPosition.z
      value: 0
      objectReference: {fileID: 0}
    - target: {fileID: 4000013701952040, guid: 8798f74e229754641b48b23fdf9657af, type: 2}
      propertyPath: m_LocalRotation.x
      value: -0
      objectReference: {fileID: 0}
    - target: {fileID: 4000013701952040, guid: 8798f74e229754641b48b23fdf9657af, type: 2}
      propertyPath: m_LocalRotation.y
      value: -0
      objectReference: {fileID: 0}
    - target: {fileID: 4000013701952040, guid: 8798f74e229754641b48b23fdf9657af, type: 2}
      propertyPath: m_LocalRotation.z
      value: -0
      objectReference: {fileID: 0}
    - target: {fileID: 4000013701952040, guid: 8798f74e229754641b48b23fdf9657af, type: 2}
      propertyPath: m_LocalRotation.w
      value: 1
      objectReference: {fileID: 0}
    - target: {fileID: 4000013701952040, guid: 8798f74e229754641b48b23fdf9657af, type: 2}
      propertyPath: m_RootOrder
      value: 1
      objectReference: {fileID: 0}
    - target: {fileID: 4000010838508908, guid: 8798f74e229754641b48b23fdf9657af, type: 2}
      propertyPath: m_LocalPosition.x
      value: 3.93
      objectReference: {fileID: 0}
    m_RemovedComponents: []
  m_ParentPrefab: {fileID: 100100000, guid: 8798f74e229754641b48b23fdf9657af, type: 2}
  m_IsPrefabParent: 0
--- !u!1001 &1847068173
Prefab:
  m_ObjectHideFlags: 0
  serializedVersion: 2
  m_Modification:
    m_TransformParent: {fileID: 1894777134}
    m_Modifications:
    - target: {fileID: 4000010860762888, guid: ee6f1f5eccbddcb428c2583b2b45def1, type: 2}
      propertyPath: m_LocalPosition.x
      value: 116.14588
      objectReference: {fileID: 0}
    - target: {fileID: 4000010860762888, guid: ee6f1f5eccbddcb428c2583b2b45def1, type: 2}
      propertyPath: m_LocalPosition.y
      value: -1.0602057
      objectReference: {fileID: 0}
    - target: {fileID: 4000010860762888, guid: ee6f1f5eccbddcb428c2583b2b45def1, type: 2}
      propertyPath: m_LocalPosition.z
      value: 0
      objectReference: {fileID: 0}
    - target: {fileID: 4000010860762888, guid: ee6f1f5eccbddcb428c2583b2b45def1, type: 2}
      propertyPath: m_LocalRotation.x
      value: -0
      objectReference: {fileID: 0}
    - target: {fileID: 4000010860762888, guid: ee6f1f5eccbddcb428c2583b2b45def1, type: 2}
      propertyPath: m_LocalRotation.y
      value: -0
      objectReference: {fileID: 0}
    - target: {fileID: 4000010860762888, guid: ee6f1f5eccbddcb428c2583b2b45def1, type: 2}
      propertyPath: m_LocalRotation.z
      value: -0
      objectReference: {fileID: 0}
    - target: {fileID: 4000010860762888, guid: ee6f1f5eccbddcb428c2583b2b45def1, type: 2}
      propertyPath: m_LocalRotation.w
      value: 1
      objectReference: {fileID: 0}
    - target: {fileID: 4000010860762888, guid: ee6f1f5eccbddcb428c2583b2b45def1, type: 2}
      propertyPath: m_RootOrder
      value: 11
      objectReference: {fileID: 0}
    - target: {fileID: 1000013245797080, guid: ee6f1f5eccbddcb428c2583b2b45def1, type: 2}
      propertyPath: m_Name
      value: WalkingEnemy (1)
      objectReference: {fileID: 0}
    m_RemovedComponents: []
  m_ParentPrefab: {fileID: 100100000, guid: ee6f1f5eccbddcb428c2583b2b45def1, type: 2}
  m_IsPrefabParent: 0
--- !u!4 &1847068174 stripped
Transform:
  m_PrefabParentObject: {fileID: 4000010860762888, guid: ee6f1f5eccbddcb428c2583b2b45def1,
    type: 2}
  m_PrefabInternal: {fileID: 1847068173}
--- !u!1001 &1847142234
Prefab:
  m_ObjectHideFlags: 0
  serializedVersion: 2
  m_Modification:
    m_TransformParent: {fileID: 1894777134}
    m_Modifications:
    - target: {fileID: 4000010860762888, guid: ee6f1f5eccbddcb428c2583b2b45def1, type: 2}
      propertyPath: m_LocalPosition.x
      value: 125.95588
      objectReference: {fileID: 0}
    - target: {fileID: 4000010860762888, guid: ee6f1f5eccbddcb428c2583b2b45def1, type: 2}
      propertyPath: m_LocalPosition.y
      value: -1.0602057
      objectReference: {fileID: 0}
    - target: {fileID: 4000010860762888, guid: ee6f1f5eccbddcb428c2583b2b45def1, type: 2}
      propertyPath: m_LocalPosition.z
      value: 0
      objectReference: {fileID: 0}
    - target: {fileID: 4000010860762888, guid: ee6f1f5eccbddcb428c2583b2b45def1, type: 2}
      propertyPath: m_LocalRotation.x
      value: -0
      objectReference: {fileID: 0}
    - target: {fileID: 4000010860762888, guid: ee6f1f5eccbddcb428c2583b2b45def1, type: 2}
      propertyPath: m_LocalRotation.y
      value: -0
      objectReference: {fileID: 0}
    - target: {fileID: 4000010860762888, guid: ee6f1f5eccbddcb428c2583b2b45def1, type: 2}
      propertyPath: m_LocalRotation.z
      value: -0
      objectReference: {fileID: 0}
    - target: {fileID: 4000010860762888, guid: ee6f1f5eccbddcb428c2583b2b45def1, type: 2}
      propertyPath: m_LocalRotation.w
      value: 1
      objectReference: {fileID: 0}
    - target: {fileID: 4000010860762888, guid: ee6f1f5eccbddcb428c2583b2b45def1, type: 2}
      propertyPath: m_RootOrder
      value: 12
      objectReference: {fileID: 0}
    - target: {fileID: 1000013245797080, guid: ee6f1f5eccbddcb428c2583b2b45def1, type: 2}
      propertyPath: m_Name
      value: WalkingEnemy (2)
      objectReference: {fileID: 0}
    m_RemovedComponents: []
  m_ParentPrefab: {fileID: 100100000, guid: ee6f1f5eccbddcb428c2583b2b45def1, type: 2}
  m_IsPrefabParent: 0
--- !u!4 &1847142235 stripped
Transform:
  m_PrefabParentObject: {fileID: 4000010860762888, guid: ee6f1f5eccbddcb428c2583b2b45def1,
    type: 2}
  m_PrefabInternal: {fileID: 1847142234}
--- !u!1001 &1872169011
Prefab:
  m_ObjectHideFlags: 0
  serializedVersion: 2
  m_Modification:
    m_TransformParent: {fileID: 1894777134}
    m_Modifications:
    - target: {fileID: 4000013367136300, guid: 83b3fbb0524a9824fbe810a3db1ff4d0, type: 2}
      propertyPath: m_LocalPosition.x
      value: 132.16699
      objectReference: {fileID: 0}
    - target: {fileID: 4000013367136300, guid: 83b3fbb0524a9824fbe810a3db1ff4d0, type: 2}
      propertyPath: m_LocalPosition.y
      value: 0.55979425
      objectReference: {fileID: 0}
    - target: {fileID: 4000013367136300, guid: 83b3fbb0524a9824fbe810a3db1ff4d0, type: 2}
      propertyPath: m_LocalPosition.z
      value: 0
      objectReference: {fileID: 0}
    - target: {fileID: 4000013367136300, guid: 83b3fbb0524a9824fbe810a3db1ff4d0, type: 2}
      propertyPath: m_LocalRotation.x
      value: -0
      objectReference: {fileID: 0}
    - target: {fileID: 4000013367136300, guid: 83b3fbb0524a9824fbe810a3db1ff4d0, type: 2}
      propertyPath: m_LocalRotation.y
      value: -0
      objectReference: {fileID: 0}
    - target: {fileID: 4000013367136300, guid: 83b3fbb0524a9824fbe810a3db1ff4d0, type: 2}
      propertyPath: m_LocalRotation.z
      value: -0
      objectReference: {fileID: 0}
    - target: {fileID: 4000013367136300, guid: 83b3fbb0524a9824fbe810a3db1ff4d0, type: 2}
      propertyPath: m_LocalRotation.w
      value: 1
      objectReference: {fileID: 0}
    - target: {fileID: 4000013367136300, guid: 83b3fbb0524a9824fbe810a3db1ff4d0, type: 2}
      propertyPath: m_RootOrder
      value: 0
      objectReference: {fileID: 0}
    - target: {fileID: 114000013078136746, guid: 83b3fbb0524a9824fbe810a3db1ff4d0,
        type: 2}
      propertyPath: timeToLive
      value: 5
      objectReference: {fileID: 0}
    - target: {fileID: 114000013078136746, guid: 83b3fbb0524a9824fbe810a3db1ff4d0,
        type: 2}
      propertyPath: spawningArrowTime
      value: 2
      objectReference: {fileID: 0}
    m_RemovedComponents: []
  m_ParentPrefab: {fileID: 100100000, guid: 83b3fbb0524a9824fbe810a3db1ff4d0, type: 2}
  m_IsPrefabParent: 0
--- !u!4 &1872169012 stripped
Transform:
  m_PrefabParentObject: {fileID: 4000013367136300, guid: 83b3fbb0524a9824fbe810a3db1ff4d0,
    type: 2}
  m_PrefabInternal: {fileID: 1872169011}
--- !u!1 &1894777133
GameObject:
  m_ObjectHideFlags: 0
  m_PrefabParentObject: {fileID: 0}
  m_PrefabInternal: {fileID: 0}
  serializedVersion: 4
  m_Component:
  - 4: {fileID: 1894777134}
  m_Layer: 0
  m_Name: Enemies
  m_TagString: Untagged
  m_Icon: {fileID: 0}
  m_NavMeshLayer: 0
  m_StaticEditorFlags: 0
  m_IsActive: 1
--- !u!4 &1894777134
Transform:
  m_ObjectHideFlags: 0
  m_PrefabParentObject: {fileID: 0}
  m_PrefabInternal: {fileID: 0}
  m_GameObject: {fileID: 1894777133}
  m_LocalRotation: {x: 0, y: 0, z: 0, w: 1}
  m_LocalPosition: {x: 89.164116, y: -0.05979427, z: 0}
  m_LocalScale: {x: 1, y: 1, z: 1}
  m_LocalEulerAnglesHint: {x: 0, y: 0, z: 0}
  m_Children:
  - {fileID: 1872169012}
  - {fileID: 792154627}
  - {fileID: 1162961430}
  - {fileID: 1464367679}
  - {fileID: 1682314422}
  - {fileID: 851761462}
  - {fileID: 2111636761}
  - {fileID: 1014555623}
  - {fileID: 1301429314}
  - {fileID: 1984079716}
  - {fileID: 1167653435}
  - {fileID: 1847068174}
  - {fileID: 1847142235}
  m_Father: {fileID: 0}
  m_RootOrder: 4
--- !u!1001 &1984079715
Prefab:
  m_ObjectHideFlags: 0
  serializedVersion: 2
  m_Modification:
    m_TransformParent: {fileID: 1894777134}
    m_Modifications:
    - target: {fileID: 4000013701952040, guid: 8798f74e229754641b48b23fdf9657af, type: 2}
      propertyPath: m_LocalPosition.x
      value: 81.26588
      objectReference: {fileID: 0}
    - target: {fileID: 4000013701952040, guid: 8798f74e229754641b48b23fdf9657af, type: 2}
      propertyPath: m_LocalPosition.y
      value: 2.7597942
      objectReference: {fileID: 0}
    - target: {fileID: 4000013701952040, guid: 8798f74e229754641b48b23fdf9657af, type: 2}
      propertyPath: m_LocalPosition.z
      value: 0
      objectReference: {fileID: 0}
    - target: {fileID: 4000013701952040, guid: 8798f74e229754641b48b23fdf9657af, type: 2}
      propertyPath: m_LocalRotation.x
      value: -0
      objectReference: {fileID: 0}
    - target: {fileID: 4000013701952040, guid: 8798f74e229754641b48b23fdf9657af, type: 2}
      propertyPath: m_LocalRotation.y
      value: -0
      objectReference: {fileID: 0}
    - target: {fileID: 4000013701952040, guid: 8798f74e229754641b48b23fdf9657af, type: 2}
      propertyPath: m_LocalRotation.z
      value: -0
      objectReference: {fileID: 0}
    - target: {fileID: 4000013701952040, guid: 8798f74e229754641b48b23fdf9657af, type: 2}
      propertyPath: m_LocalRotation.w
      value: 1
      objectReference: {fileID: 0}
    - target: {fileID: 4000013701952040, guid: 8798f74e229754641b48b23fdf9657af, type: 2}
      propertyPath: m_RootOrder
      value: 9
      objectReference: {fileID: 0}
    - target: {fileID: 4000010646441252, guid: 8798f74e229754641b48b23fdf9657af, type: 2}
      propertyPath: m_LocalPosition.x
      value: -2.42
      objectReference: {fileID: 0}
    - target: {fileID: 4000010838508908, guid: 8798f74e229754641b48b23fdf9657af, type: 2}
      propertyPath: m_LocalPosition.x
      value: 2.91
      objectReference: {fileID: 0}
    m_RemovedComponents: []
  m_ParentPrefab: {fileID: 100100000, guid: 8798f74e229754641b48b23fdf9657af, type: 2}
  m_IsPrefabParent: 0
--- !u!4 &1984079716 stripped
Transform:
  m_PrefabParentObject: {fileID: 4000013701952040, guid: 8798f74e229754641b48b23fdf9657af,
    type: 2}
  m_PrefabInternal: {fileID: 1984079715}
--- !u!1001 &2065102143
Prefab:
  m_ObjectHideFlags: 0
  serializedVersion: 2
  m_Modification:
    m_TransformParent: {fileID: 1894777134}
    m_Modifications:
    - target: {fileID: 4000013701952040, guid: 8798f74e229754641b48b23fdf9657af, type: 2}
      propertyPath: m_LocalPosition.x
      value: -60.424118
      objectReference: {fileID: 0}
    - target: {fileID: 4000013701952040, guid: 8798f74e229754641b48b23fdf9657af, type: 2}
      propertyPath: m_LocalPosition.y
      value: 2.0397942
      objectReference: {fileID: 0}
    - target: {fileID: 4000013701952040, guid: 8798f74e229754641b48b23fdf9657af, type: 2}
      propertyPath: m_LocalPosition.z
      value: 0
      objectReference: {fileID: 0}
    - target: {fileID: 4000013701952040, guid: 8798f74e229754641b48b23fdf9657af, type: 2}
      propertyPath: m_LocalRotation.x
      value: -0
      objectReference: {fileID: 0}
    - target: {fileID: 4000013701952040, guid: 8798f74e229754641b48b23fdf9657af, type: 2}
      propertyPath: m_LocalRotation.y
      value: -0
      objectReference: {fileID: 0}
    - target: {fileID: 4000013701952040, guid: 8798f74e229754641b48b23fdf9657af, type: 2}
      propertyPath: m_LocalRotation.z
      value: -0
      objectReference: {fileID: 0}
    - target: {fileID: 4000013701952040, guid: 8798f74e229754641b48b23fdf9657af, type: 2}
      propertyPath: m_LocalRotation.w
      value: 1
      objectReference: {fileID: 0}
    - target: {fileID: 4000013701952040, guid: 8798f74e229754641b48b23fdf9657af, type: 2}
      propertyPath: m_RootOrder
      value: 3
      objectReference: {fileID: 0}
    - target: {fileID: 4000010838508908, guid: 8798f74e229754641b48b23fdf9657af, type: 2}
      propertyPath: m_LocalPosition.x
      value: 3.93
      objectReference: {fileID: 0}
    - target: {fileID: 1000014293219416, guid: 8798f74e229754641b48b23fdf9657af, type: 2}
      propertyPath: m_Name
      value: FlyingEnemyWithPoints (2)
      objectReference: {fileID: 0}
    m_RemovedComponents: []
  m_ParentPrefab: {fileID: 100100000, guid: 8798f74e229754641b48b23fdf9657af, type: 2}
  m_IsPrefabParent: 0
--- !u!1001 &2111636760
Prefab:
  m_ObjectHideFlags: 0
  serializedVersion: 2
  m_Modification:
    m_TransformParent: {fileID: 1894777134}
    m_Modifications:
    - target: {fileID: 4000013367136300, guid: 83b3fbb0524a9824fbe810a3db1ff4d0, type: 2}
      propertyPath: m_LocalPosition.x
      value: 32.195885
      objectReference: {fileID: 0}
    - target: {fileID: 4000013367136300, guid: 83b3fbb0524a9824fbe810a3db1ff4d0, type: 2}
      propertyPath: m_LocalPosition.y
      value: 2.5597942
      objectReference: {fileID: 0}
    - target: {fileID: 4000013367136300, guid: 83b3fbb0524a9824fbe810a3db1ff4d0, type: 2}
      propertyPath: m_LocalPosition.z
      value: 0
      objectReference: {fileID: 0}
    - target: {fileID: 4000013367136300, guid: 83b3fbb0524a9824fbe810a3db1ff4d0, type: 2}
      propertyPath: m_LocalRotation.x
      value: -0
      objectReference: {fileID: 0}
    - target: {fileID: 4000013367136300, guid: 83b3fbb0524a9824fbe810a3db1ff4d0, type: 2}
      propertyPath: m_LocalRotation.y
      value: -0
      objectReference: {fileID: 0}
    - target: {fileID: 4000013367136300, guid: 83b3fbb0524a9824fbe810a3db1ff4d0, type: 2}
      propertyPath: m_LocalRotation.z
      value: -0
      objectReference: {fileID: 0}
    - target: {fileID: 4000013367136300, guid: 83b3fbb0524a9824fbe810a3db1ff4d0, type: 2}
      propertyPath: m_LocalRotation.w
      value: 1
      objectReference: {fileID: 0}
    - target: {fileID: 4000013367136300, guid: 83b3fbb0524a9824fbe810a3db1ff4d0, type: 2}
      propertyPath: m_RootOrder
      value: 6
      objectReference: {fileID: 0}
    - target: {fileID: 1000013709562598, guid: 83b3fbb0524a9824fbe810a3db1ff4d0, type: 2}
      propertyPath: m_Name
      value: ArcherEnemy (1)
      objectReference: {fileID: 0}
    - target: {fileID: 114000013078136746, guid: 83b3fbb0524a9824fbe810a3db1ff4d0,
        type: 2}
      propertyPath: timeToLive
      value: 10
      objectReference: {fileID: 0}
    - target: {fileID: 114000013078136746, guid: 83b3fbb0524a9824fbe810a3db1ff4d0,
        type: 2}
      propertyPath: spawningArrowTime
      value: 3.5
      objectReference: {fileID: 0}
    m_RemovedComponents: []
  m_ParentPrefab: {fileID: 100100000, guid: 83b3fbb0524a9824fbe810a3db1ff4d0, type: 2}
  m_IsPrefabParent: 0
--- !u!4 &2111636761 stripped
Transform:
  m_PrefabParentObject: {fileID: 4000013367136300, guid: 83b3fbb0524a9824fbe810a3db1ff4d0,
    type: 2}
  m_PrefabInternal: {fileID: 2111636760}
